@Manual{R,
  title = {R: A Language and Environment for Statistical Computing},
  author = {{R Core Team}},
  organization = {R Foundation for Statistical Computing},
  address = {Vienna, Austria},
  year = {2012},
  note = {{ISBN} 3-900051-07-0},
  url = {http://www.R-project.org/},
}

@article{ihaka:1996,
  Author = {Ihaka, Ross and Gentleman, Robert},
	Journal = {Journal of Computational and Graphical Statistics},
	Number = 3,
	Pages = {299--314},
	Title = {R: A Language for Data Analysis and Graphics},
	Volume = 5,
	Year = 1996}

@Manual{rfigshare,
    title = {rfigshare: An R Interface to 'figshare'},
    author = {Carl Boettiger and Scott Chamberlain and Karthik Ram and Edmund Hart},
    note = {R package version 0.3.7.99},
    url = {https://github.com/ropensci/rfigshare},
  }

@Manual{dvn,
  title = {dvn: Access to The Dataverse Network APIs},
  author = {Thomas J. Leeper},
  year = {2013},
  note = {R package version 0.3.3},
}

@Manual{dataone,
  title = {dataone: R interface to the DataONE REST API},
  author = {Matthew Jones and Rob Nahf and Chris Jones and Carl Boettiger and Lauren Walker and Scott Chamberlain and Edmund Hart and Jordan Read and Peter Slaughter},
  year = {2013},
  note = {R package version 1.1.0.9008},
  url = {https://CRAN.R-project.org/package=dataone},
}

@Manual{sbtools,
  title = {sbtools: USGS ScienceBase Tools},
  author = {Luke Winslow and Scott Chamberlain and Alison Appling and Jordan Read},
  note = {R package version 0.15.0},
  url = {https://github.com/USGS-R/sbtools},
}
